@MISC{Habr_Armaxis,
  author={{Armaxis}},
  title={Music generation in real time},
  year={2013},
  url={https://habr.com/en/post/185154/}
}

@MISC{Habr_Sadler,
  author={{Sadler}},
  title={A little more automatic music generation},
  year={2013},
  url={https://habr.com/ru/post/185606/}
}

@MISC{tones_wolfram,
  author={{Wolfram Research, Inc.}},
  title={WolframTones},
  year={2005},
  url={http://tones.wolfram.com/about/how-it-works}
}

@BOOK{new_kind_of_science,
	title = "A New Kind of Science",
	author = "Stephen Wolfram",
	year={2002},
	isbn = "1-57955-008-8",
	publisher = "Wolfram Media",
	edition = "1"
}

@MISC{habr_SkywalkerY,
  author={{SkywalkerY}},
  title={Generating music based on a given style},
  year={2009},
  url={https://habr.com/ru/post/69985/}
}

@MISC{junshern_github,
  author={{junshern}},
  title={How do computers compose music?},
  year={2018},
  url={https://junshern.github.io/algorithmic-music-tutorial/part1.html}
}

@MISC{langston,
  author={{Peter S. Langston}},
  title={Six Techniques for Algorithmic Music Composition},
  year={1988},
  url={http://peterlangston.com/Papers/amc.pdf}
}

@MISC{few_scales_in_one_song,
  author={{Richard}},
  title={Can a song have random notes that don't belong to any major or minor scale?},
  year={2019},
  url={https://music.stackexchange.com/questions/78293/do-all-songs-have-to-be-in-a-major-or-minor-scale-can-a-song-have-random-notes}
}

@MISC{genetic_for_composing,
  author={{Dragan MATIĆ}},
  title={A GENETIC ALGORITHM FOR COMPOSING MUSIC},
  year={2010},
  url={http://elib.mi.sanu.ac.rs/files/journals/yjor/39/yujorn39p157-177.pdf}
}

@MANUAL{svgspec,
    title = "Scalable Vector Graphics (SVG) 1.1 Specification {[online]}",
    organization = "WWW Consorcium",
    url = "http://www.w3.org/TR/2003/REC-SVG11-20030114/",
    note = "[cit. 2011-07-07]",
    key = "svg"
}

@INBOOK{kobltypo,
	title = "Praktick{\' a} typografie",
	author = "Pavel Ko{\v c}i{\v c}ka and Filip Bla{\v z}ek",
	publisher = "Brno: Computer Press",
	year = "2004"
}

@BOOK{rybicka,
	title = "LaTeX pro za\v c\'ate\v cn\'\i{}ky",
	author = "Ji{\v r}{\' i} Rybi{\v c}ka",
	isbn = "80-7302-049-1",
	publisher = "Brno: Konvoj",
	edition = "3"
}

@MANUAL{iso690,
	organization = "\'U\v rad pro technickou normalizaci, metrologii a st\'atn\'\i{} zku\v sebnictv\'\i{}",
	title = "\v CSN ISO 690 Informace a dokumentace -- Pravidla pro bibliografick\'e odkazy a citace informa\v cn\'\i{}ch zdroj{\r u}",
	year = "2011"
}


@ARTICLE {sitova-karta-s-fpga-xilinx,
    title  = "Síťová karta s FPGA Xilinx pro 1 a 10GbE",
    journal = "V: Pandatron - elektrotechnický magazín {[online]}",
    howpublished = "[online]",
    month  = "červen",
    year   = "2013",
    note = "[cit. 2015-10-31]",
    url    = "http://pandatron.cz/?2939&sitova_karta_s_fpga_xilinx_pro_1_a_10gbe"
}

@MISC{music_vizualization_templates,
  author={{Renderforest}},
  title={Online Music Visualizer},
  year={2013},
  url={https://www.renderforest.com/music-visualisations}
}

@MISC{fractal_visualizer,
  author={{Radka Hošková}},
  title={Fraktální audio vizualizér},
  year={2020},
  url={https://alfresco.fit.cvut.cz/share/proxy/alfresco/api/node/content/workspace/SpacesStore/5c1a1d74-c485-4aa1-ac2f-400e339cbfa0}
}

@MISC{desmos,
  author={{Desmos, Inc.}},
  title={Desmos Math Tools},
  year={2021},
  url={https://www.desmos.com/calculator?lang=en}
}

@MISC{habr_Makeman,
  author={{Makeman}},
  title={Fourier transform in action: precise signal frequency detection and note extraction},
  year={2015},
  url={https://habr.com/en/post/247385/}
}

@MISC{yandex_gheljenor,
  author={{gheljenor}},
  title={Sound theory. What you need to know about sound to work with it.},
  year={2015},
  url={https://habr.com/ru/company/yandex/blog/270765/}
}

@MISC{amazingMIDI,
  author={{arakisoftware}},
  title={What is AmazingMIDI?},
  year={1999},
  url={http://www.pluto.dti.ne.jp/~araki/amazingmidi/}
}

@MISC{structurePopMusic,
  author={{musicmachinery}},
  title={Visualizing the Structure of Pop Music},
  year={2012},
  url={https://musicmachinery.com/2012/11/19/visualizing-the-structure-of-pop-music/}
}

@MISC{PreSonusNotion6,
  author={{PreSonus Audio Electronics}},
  title={PreSonus Notion 6},
  year={2021},
  url={https://www.presonus.com/products/notion}
}

@MISC{MuseScore,
  author={{MuseScore BVBA}},
  title={MuseScore},
  year={2020},
  url={https://musescore.org/}
}

@MISC{Unity,
  author={{Unity Technologies}},
  title={Unity},
  year={2020},
  url={https://unity.com/products/unity-platform?_ga=2.153107128.1416344356.1617696313-1017054161.1617696313}
}

@MISC{AudioHelm,
  author={{Unity Technologies}},
  title={Audio Helm Unity Asset},
  year={2014},
  url={https://forum.unity.com/}
}

@MISC{TomsMucenieks,
  author={{Toms Mucenieks}},
  title={Pirates Of The Caribbean played on real Piano Tiles},
  year={2019},
  url={https://www.youtube.com/watch?v=G7eCzvd18Fw}
}

@MISC{Synthesia,
  author={{Wikipedia}},
  title={Synthesia},
  year={2021},
  url={https://en.wikipedia.org/wiki/Synthesia}
}

@MISC{FreePNGPictures,
  author={{FreePngPictures}},
  title={Free PNG Pictures},
  year={2021},
  url={https://freepng.pictures/download/light/}
}
